<record><leader>00000cas a22000007a 4500</leader><controlfield tag="001">17737830</controlfield><controlfield tag="008">880405d18921893ohuwr ne      0    0eng d</controlfield><datafield ind1=" " ind2=" " tag="010"><subfield code="a">sn 88077330 </subfield></datafield><datafield ind1=" " ind2=" " tag="040"><subfield code="a">ONP</subfield><subfield code="b">eng</subfield><subfield code="c">ONP</subfield><subfield code="d">OCLCQ</subfield></datafield><datafield ind1=" " ind2=" " tag="042"><subfield code="a">msc</subfield></datafield><datafield ind1="0" ind2="0" tag="245"><subfield code="a">Oxford news-citizen.</subfield></datafield><datafield ind1=" " ind2=" " tag="260"><subfield code="a">Oxford, Ohio :</subfield><subfield code="b">Oxford News Co.,</subfield><subfield code="c">1892-1893.</subfield></datafield><datafield ind1=" " ind2=" " tag="300"><subfield code="a">v.</subfield></datafield><datafield ind1=" " ind2=" " tag="310"><subfield code="a">Weekly</subfield></datafield><datafield ind1="0" ind2=" " tag="362"><subfield code="a">Vol. 6, no. 48 (Aug. 27, 1892)-v. 7, no. 26 (Mar. 23, 1893).</subfield></datafield><datafield ind1=" " ind2=" " tag="515"><subfield code="a">Continues numbering of Oxford news and Oxford citizen.</subfield></datafield><datafield ind1=" " ind2=" " tag="752"><subfield code="a">United States</subfield><subfield code="b">Ohio</subfield><subfield code="c">Butler</subfield><subfield code="d">Oxford.</subfield></datafield><datafield ind1="0" ind2="4" tag="780"><subfield code="t">Oxford news (Oxford, Ohio : 1886)</subfield><subfield code="w">(DLC)sn 91069753</subfield></datafield><datafield ind1="0" ind2="4" tag="780"><subfield code="t">Oxford citizen</subfield><subfield code="w">(DLC)sn 83035363</subfield></datafield><datafield ind1="0" ind2="0" tag="785"><subfield code="t">Oxford news (Oxford, Ohio : 1893)</subfield><subfield code="w">(DLC)sn 88077331</subfield></datafield></record>